{
  "leader": "04065cam a2200505Ia 4500",
  "fields": [
    {
      "001": "ocm43951828\\"
    },
    {
      "003": "OCoLC"
    },
    {
      "005": "20221221135905.0"
    },
    {
      "008": "000424s2001\\\\\\\\mauaf\\\\\\\\b\\\\\\\\001\\0\\eng\\\\"
    },
    {
      "010": {
        "ind1": "\\",
        "ind2": "\\",
        "subfields": [
          {
            "a": "   00032900 "
          }
        ]
      }
    },
    {
      "019": {
        "ind1": "\\",
        "ind2": "\\",
        "subfields": [
          {
            "a": "46600417"
          },
          {
            "a": "48066216"
          },
          {
            "a": "52265228"
          },
          {
            "a": "222675171"
          },
          {
            "a": "491531092"
          },
          {
            "a": "810750155"
          }
        ]
      }
    },
    {
      "020": {
        "ind1": "\\",
        "ind2": "\\",
        "subfields": [
          {
            "a": "0262024799"
          },
          {
            "q": "(hc. ;"
          },
          {
            "q": "alk. paper)"
          }
        ]
      }
    },
    {
      "020": {
        "ind1": "\\",
        "ind2": "\\",
        "subfields": [
          {
            "a": "9780262024792"
          },
          {
            "q": "(hc. ;"
          },
          {
            "q": "alk. paper)"
          }
        ]
      }
    },
    {
      "020": {
        "ind1": "\\",
        "ind2": "\\",
        "subfields": [
          {
            "a": "0262523426"
          }
        ]
      }
    },
    {
      "020": {
        "ind1": "\\",
        "ind2": "\\",
        "subfields": [
          {
            "a": "9780262523424"
          }
        ]
      }
    },
    {
      "035": {
        "ind1": "\\",
        "ind2": "\\",
        "subfields": [
          {
            "a": "(OCoLC)43951828"
          },
          {
            "z": "(OCoLC)46600417"
          },
          {
            "z": "(OCoLC)48066216"
          },
          {
            "z": "(OCoLC)52265228"
          },
          {
            "z": "(OCoLC)222675171"
          },
          {
            "z": "(OCoLC)491531092"
          },
          {
            "z": "(OCoLC)810750155"
          }
        ]
      }
    },
    {
      "040": {
        "ind1": "\\",
        "ind2": "\\",
        "subfields": [
          {
            "a": "DLC"
          },
          {
            "b": "eng"
          },
          {
            "c": "DLC"
          },
          {
            "d": "UKM"
          },
          {
            "d": "LVB"
          },
          {
            "d": "BAKER"
          },
          {
            "d": "NLGGC"
          },
          {
            "d": "BTCTA"
          },
          {
            "d": "YDXCP"
          },
          {
            "d": "SZ9XM"
          },
          {
            "d": "OCLCG"
          },
          {
            "d": "IG#"
          },
          {
            "d": "ILU"
          },
          {
            "d": "BDX"
          },
          {
            "d": "EUM"
          },
          {
            "d": "OCLCO"
          },
          {
            "d": "OCLCF"
          },
          {
            "d": "NJI"
          },
          {
            "d": "DEBBG"
          },
          {
            "d": "OCLCQ"
          },
          {
            "d": "OCLCA"
          },
          {
            "d": "OCLCQ"
          },
          {
            "d": "FQG"
          },
          {
            "d": "CNCCA"
          },
          {
            "d": "OCLCO"
          },
          {
            "d": "Z5U"
          },
          {
            "d": "OCLCA"
          },
          {
            "d": "UKUOY"
          },
          {
            "d": "OCLCQ"
          },
          {
            "d": "UKNRU"
          },
          {
            "d": "DCT"
          },
          {
            "d": "OCLCA"
          },
          {
            "d": "IL4J6"
          },
          {
            "d": "OCLCO"
          },
          {
            "d": "OCLCQ"
          },
          {
            "d": "OCLCO"
          },
          {
            "d": "FLWVS"
          },
          {
            "d": "HUL"
          }
        ]
      }
    },
    {
      "042": {
        "ind1": "\\",
        "ind2": "\\",
        "subfields": [
          {
            "a": "pcc"
          }
        ]
      }
    },
    {
      "043": {
        "ind1": "\\",
        "ind2": "\\",
        "subfields": [
          {
            "a": "n-us---"
          }
        ]
      }
    },
    {
      "050": {
        "ind1": "\\",
        "ind2": "4",
        "subfields": [
          {
            "a": "NA1053.J4"
          },
          {
            "b": "B33 2001"
          }
        ]
      }
    },
    {
      "066": {
        "ind1": "\\",
        "ind2": "\\",
        "subfields": [
          {
            "c": "{dollar}1"
          }
        ]
      }
    },
    {
      "082": {
        "ind1": "0",
        "ind2": "0",
        "subfields": [
          {
            "a": "720.92"
          },
          {
            "b": "BAC"
          }
        ]
      }
    },
    {
      "100": {
        "ind1": "1",
        "ind2": "\\",
        "subfields": [
          {
            "a": "Bacon, Mardges."
          }
        ]
      }
    },
    {
      "245": {
        "ind1": "1",
        "ind2": "3",
        "subfields": [
          {
            "a": "Le Corbusier in America :"
          },
          {
            "b": "travels in the land of the timid /"
          },
          {
            "c": "Mardges Bacon."
          }
        ]
      }
    },
    {
      "260": {
        "ind1": "\\",
        "ind2": "\\",
        "subfields": [
          {
            "a": "Cambridge, Mass. :"
          },
          {
            "b": "MIT Press,"
          },
          {
            "c": "2001."
          }
        ]
      }
    },
    {
      "300": {
        "ind1": "\\",
        "ind2": "\\",
        "subfields": [
          {
            "a": "xvii, 406 pages :"
          },
          {
            "b": "illustrations ;"
          },
          {
            "c": "24 cm"
          }
        ]
      }
    },
    {
      "336": {
        "ind1": "\\",
        "ind2": "\\",
        "subfields": [
          {
            "a": "text"
          },
          {
            "b": "txt"
          },
          {
            "2": "rdacontent"
          }
        ]
      }
    },
    {
      "337": {
        "ind1": "\\",
        "ind2": "\\",
        "subfields": [
          {
            "a": "unmediated"
          },
          {
            "b": "n"
          },
          {
            "2": "rdamedia"
          }
        ]
      }
    },
    {
      "338": {
        "ind1": "\\",
        "ind2": "\\",
        "subfields": [
          {
            "a": "volume"
          },
          {
            "b": "nc"
          },
          {
            "2": "rdacarrier"
          }
        ]
      }
    },
    {
      "504": {
        "ind1": "\\",
        "ind2": "\\",
        "subfields": [
          {
            "a": "Includes bibliographical references and index."
          }
        ]
      }
    },
    {
      "520": {
        "ind1": "1",
        "ind2": "\\",
        "subfields": [
          {
            "a": "\"In this first major study of Le Corbusier's American tour, Mardges Bacon reconstructs his encounter with America in all its fascinating detail. Through extensive archival research and interviews, she presents a critical history of the tour as well as a nuanced and intimate portrait of the architect. Drawing on the methods of microhistory, she also considers how small ordinary events affect larger biographical, architectual, and cultural developments.\""
          }
        ]
      }
    },
    {
      "520": {
        "ind1": "8",
        "ind2": "\\",
        "subfields": [
          {
            "a": "\"Bacon notes that Le Corbusier's dialogue with America was drafted within a spirited European discourse on americanisme. She contends that the trip validated his concept of a \"second machine age\" that would unite standardized industrial methods with a new humanism. Le Corbusier's subsequent work, she suggests, reflected an \"Americanization,\" evidenced by the introduction of tension structures and the textured skyscraper conceived as an integrated system with functions articulated. She also defines Le Corbusier's role in the debate over New York City high-rise public housing.\" \"Appearing here in print for the first time are color reproductions of the pastel drawing that illustrated Le Corbusier's American lectures.\"--Jacket."
          }
        ]
      }
    },
    {
      "505": {
        "ind1": "0",
        "ind2": "\\",
        "subfields": [
          {
            "a": "1. Le Corbusier and Transatlantic exchange -- Part I. Public performance -- 2. Le Corbusier takes New York -- 3. The American lectures -- 4. Le Corbusier takes America -- Part II. The search for authorities and commissions -- 5. The enchanted catastrophe -- 6. Housing and the public sector -- 7. The private sector -- Part III. The Transatlantic misunderstanding -- 8. Le Corbusier's reaction to the \"country of timid people\" -- 9. The \"country of timid people\" responds -- Part IV. Epilogue -- 10. The consequences of Transatlantic exchange -- Appendixes: -- A. Itinerary of Le Corbusier's 1935 American lecture tour -- B. Itinerary of the traveling exhibit \"Recent work of Le Corbusier\" -- C. Le Corbusier's statement for the press, November 19, 1935."
          }
        ]
      }
    },
    {
      "600": {
        "ind1": "0",
        "ind2": "0",
        "subfields": [
          {
            "a": "Le Corbusier,"
          },
          {
            "d": "1887-1965"
          },
          {
            "x": "Travel"
          },
          {
            "z": "United States."
          }
        ]
      }
    },
    {
      "600": {
        "ind1": "0",
        "ind2": "0",
        "subfields": [
          {
            "a": "Le Corbusier,"
          },
          {
            "d": "1887-1965"
          },
          {
            "x": "Influence."
          }
        ]
      }
    },
    {
      "650": {
        "ind1": "\\",
        "ind2": "0",
        "subfields": [
          {
            "a": "Architecture"
          },
          {
            "x": "American influences."
          }
        ]
      }
    },
    {
      "600": {
        "ind1": "0",
        "ind2": "7",
        "subfields": [
          {
            "a": "Le Corbusier,"
          },
          {
            "d": "1887-1965"
          },
          {
            "2": "fast"
          },
          {
            "0": "(OCoLC)fst00031821"
          }
        ]
      }
    },
    {
      "650": {
        "ind1": "\\",
        "ind2": "7",
        "subfields": [
          {
            "a": "Architecture"
          },
          {
            "x": "Influence."
          },
          {
            "2": "fast"
          },
          {
            "0": "(OCoLC)fst00813462"
          }
        ]
      }
    },
    {
      "650": {
        "ind1": "\\",
        "ind2": "7",
        "subfields": [
          {
            "a": "Influence (Literary, artistic, etc.)"
          },
          {
            "2": "fast"
          },
          {
            "0": "(OCoLC)fst00972484"
          }
        ]
      }
    },
    {
      "650": {
        "ind1": "\\",
        "ind2": "7",
        "subfields": [
          {
            "a": "Travel."
          },
          {
            "2": "fast"
          },
          {
            "0": "(OCoLC)fst01155558"
          }
        ]
      }
    },
    {
      "651": {
        "ind1": "\\",
        "ind2": "7",
        "subfields": [
          {
            "a": "United States."
          },
          {
            "2": "fast"
          },
          {
            "0": "(OCoLC)fst01204155"
          }
        ]
      }
    },
    {
      "880": {
        "ind1": "\\",
        "ind2": "\\",
        "subfields": [
          {
            "6": "300-01/{dollar}1"
          },
          {
            "a": "xvii, 406 pages, [8] pages of plates :"
          },
          {
            "b": "illustrations (some color), portrait ;"
          },
          {
            "c": "24\u301324 cm"
          }
        ]
      }
    },
    {
      "948": {
        "ind1": "\\",
        "ind2": "\\",
        "subfields": [
          {
            "h": "NO HOLDINGS IN NYRVC - 453 OTHER HOLDINGS"
          }
        ]
      }
    },
    {
      "994": {
        "ind1": "\\",
        "ind2": "\\",
        "subfields": [
          {
            "a": "Z0"
          },
          {
            "b": "NYRVC"
          }
        ]
      }
    },
    {
      "999": {
        "ind1": "\\",
        "ind2": "\\",
        "subfields": [
          {
            "a": "00000000010797"
          }
        ]
      }
    }
  ]
}